

@article{sternberg1983,
  author={Sternberg, S.},
  journal={Computer}, 
  title={Biomedical Image Processing}, 
  year={1983},
  volume={16},
  number={1},
  pages={22-34},
  doi={10.1109/MC.1983.1654163}}

@article{barnes2014,
    title = {Priority-flood: An optimal depression-filling and watershed-labeling algorithm for digital elevation models},
    journal = {Computers \& Geosciences},
    volume = {62},
    pages = {117-127},
    year = {2014},
    doi = {https://doi.org/10.1016/j.cageo.2013.04.024},
    author = {Richard Barnes and Clarence Lehman and David Mulla},
}

@misc{pcc,
    url = {https://en.wikipedia.org/wiki/Pearson_correlation_coefficient},
}

@misc{join,
    url = {https://en.wikipedia.org/wiki/Join_(SQL)}
}
